@article{Allingham-Sandmo-72,
  title={Income Tax Evasion: A Theoretical Analysis},
  author={Allingham, Michael G and Sandmo, Agnar},
  journal={Journal of Public Economics},
  volume={1},
  number={3-4},
  pages={323--338},
  year={1972},
  publisher={Elsevier}
}

@article{Hamilton-75,
  author={Hamilton, Bruce},
  title={Zoning and Property Taxation in a System of Local Governments},
  journal={Urban Studies},
  volume={12},
  pages={205-211},
  year={1975}
}

@article{Calabrese-Epple-Romano-12,
  author={Calabrese, S. and D. Epple and R. Romano},
  title={Ineciencies from Metropolitan Political and Fiscal Decentralization: Failures of Tiebout Competition,},
  journal={Review of Economic Studies},
  volume={79 (3)},
  pages={1081-1111},
  year={2012}
}

@article{Harrison-List-04,
  author={Harrison, G. and J. List},
  title={Field Experiments},
  journal={Journal of Economic Literature},
  volume={42},
  pages={1009-55},
  year={2004}
}

@article{Andreoni-Erard-Feinstein-98,
  author={Andreoni, J. and B. Erard and J. Feinstein},
  title={Tax Compliance},
  journal={Journal of Economic Literature},
  volume={36},
  pages={818-860},
  year={1998}
}

@article{Slemrod-01,
  author={Slemrod, J. and M. Blumenthal and C. Christian},
  title={Taxpayer Response to an Increased Probability of Audit: Evidence
from a Controlled Experiment in Minnesota},
  journal={Journal of Public Economics},
  volume={79 (3)},
  pages={455-83},
  year={2001}
}

@book{Aaron-75,
  title={Who Pays the Property Tax?},
  author={Aaron, H.},
   year={1975},
  publisher={The Brookings Institution}
}

@article{Alm-92,
  title={Why Do People Pay Taxes?},
  author={Alm, James and McClelland, Gary H and Schulze, William D},
  journal={Journal of Public Economics},
  volume={48},
  number={1},
  pages={21--38},
  year={1992},
  publisher={Elsevier}
}

@article{Ariel-12,
  title={Deterrence and moral persuasion effects on corporate tax compliance: Findings from a randomized controlled
trial},
  author={Ariel, Barak},
  journal={Criminology},
  volume={50},
  pages={27-69},
  year={2012},
}

@article{Blumenthal-01,
  title={Do Normative Appeals Affect Tax Compliance? Evidence from a Controlled Experiment in Minnesota},
  author={Blumenthal, Marsha and Christian, Charles and Slemrod, Joel and Smith, Matthew G},
  journal={National Tax Journal},
  pages={125--138},
  year={2001},
  publisher={JSTOR}
}

@article{castro,
  title={Tax Compliance and Enforcement in the Pampas: Evidence from a Field Experiment},
  author={Castro, Lucio and Scartascini, Carlos},
  journal={Journal of Economic Behavior \& Organization},
  volume={116},
  pages={65--82},
  year={2015},
  publisher={Elsevier}
}

@article{CILMS-16,
  title={An Experimental Evaluation of Notification Strategies to Increase Property Tax Compliance: Free-Riding in the City of Brotherly Love},
  author={Chirico, Michael and Inman, Robert P and Loeffler, Charles and MacDonald, John and Sieg, Holger},
  journal={Tax Policy and the Economy, Volume 30},
  year={2016},
  publisher={University of Chicago Press}
}

@article{delcarpio,
  title={Are the Neighbors Cheating? Evidence from a Social Norm Experiment on Property Taxes in Peru Job},
  institution={INSEAD},
  author={Del Carpio, Lucia},
  year={2014}
}

@article{Engstrom-15,
  title={Tax Compliance and Loss Aversion},
  author={Engstr{\"o}m, Per and Nordblom, Katarina and Ohlsson, Henry and Persson, Annika},
  journal={American Economic Journal: Economic Policy},
  volume={7},
  number={4},
  pages={132--164},
  year={2015},
  publisher={American Economic Association}
}

@article{erard,
  title={Honesty and Evasion in the Tax Compliance Game},
  author={Erard, Brian and Feinstein, Jonathan S},
  journal={The RAND Journal of Economics},
  pages={1--19},
  year={1994},
  publisher={JSTOR}
}

@article{Fellner-13,
  title={Testing Enforcement Strategies in the Field: Threat, Moral Appeal and Social Information},
  author={Fellner, Gerlinde and Sausgruber, Rupert and Traxler, Cristian},
  journal={Journal of the European Economic Association},
  pages={634-60},
  volume={11 (3)},
  year={2013}
 }

@unpublished{Hallsworth-14,
  title={The Behavioralist as Tax Collector: Using Natural Field Experiments to Enhance Tax Compliance},
  author={Hallsworth, Michael and List, John and Metcalfe, Robert and Vlaev, Ivo},
  year={2014},
  note={National Bureau of Economic Research}
}


@article{hawken,
  title={Managing Drug Involved Probationers with Swift and Certain Sanctions: Evaluating Hawaii's HOPE},
  author={Hawken, Angela and Kleiman, Mark},
  year={2009},
  institution={National Institute of Justice},
  howpublished={\url{https://www.ncjrs.gov/App/Publications/abstract.aspx?ID=251050}},
  address={Washington, D.C.}
}

@book{kirchler,
  title={The Economic Psychology of Tax Behaviour},
  author={Kirchler, Erich},
  year={2007},
  publisher={Cambridge University Press}
}

@article{Kleven-11,
  title={Unwilling or Unable to Cheat? Evidence from a Tax Audit Experiment in Denmark},
  author={Kleven, Henrik Jacobsen and Knudsen, Martin B and Kreiner, Claus Thustrup and Pedersen, S{\o}ren and Saez, Emmanuel},
  journal={Econometrica},
  volume={79},
  number={3},
  pages={651--692},
  year={2011},
  publisher={Wiley Online Library}
}

@article{kosonen,
  title={The Role of Information in Tax Compliance: Evidence from a Natural Field Experiment},
  author={Kosonen, Tuomas and Ropponen, Olli},
  journal={Economics Letters},
  volume={129},
  pages={18--21},
  year={2015},
  publisher={Elsevier}
}

@article{Luttmer-14,
  title={Tax Morale},
  author={Luttmer, Erzo F. P. and Singhal, Monica},
  journal={The Journal of Economic Perspectives},
  volume={28},
  number={4},
  pages={149--168},
  year={2014},
  publisher={American Economic Association}
}

@article{macdonald,
  title={Half of Detroit Property Owners Donâ€™t Pay Taxes},
  author={MacDonald, Christine and Wilkinson, Mike},
  journal={Detroit News},
  year={2013},
  pubstate={MI}
}

@article{Mieszkowski-72,
  title={The Property Tax: An Excise Tax or a Profit Tax?},
  author={Mieszkowski, P.},
  journal={Journal of Public Economics},
  volume={1},
  pages={73-96},
  year={1972},
  publisher={Elsevier}
}

@techreport{oecd,
  title={Tax Administration in OECD and Selected Non-OECD Countries: Comparative Information Series (2010)},
  month={March},
  year={2011},
  editor={Shulman, Douglas H.},
  institution={Organization for Economic Cooperation and Development, Center for Tax Policy and Administration},
  url={https://www.oecd.org/ctp/administration/CIS-2010.pdf}
}

@techreport{ortega,
  title={Don't Blame the Messenger: A Field Experiment on Delivery Methods for Increasing Tax Compliance},
  author={Ortega, Daniel and Scartascini, Carlos},
  year={2015},
  institution={Inter-American Development Bank}
}

@techreport{pew,
  title={Delinquent Property Tax in Philadelphia: Stark Challenges and Realistic Goals},
  author={Ginsberg, Thomas and Gillen, Kevin C. and Kromer, John},
  editor={Eichel, Larry},
  institution={PEW Charitable Trusts, The},
  address={Philadelphia, Pennsylvania},
  year={2013},
  url={http://www.pewtrusts.org/~/media/legacy/uploadedfiles/wwwpewtrustsorg/reports/philadelphia_research_initiative/philadelphiapropertytaxdelinquencyreportpdf.pdf?la=en}
}

@unpublished{Perez-Toiano-15,
  title={Tax Debt Enforcement: Theory and Evidence from a Field Experiment in the United States},
  author={Perez-Truglia, Ricardo and Ugo Troiano},
  year={2015},
  note={University of Michigan Working Paper}
}

@article{Pomeranz-15,
  title={No Taxation without Information: Deterrence and Self-Enforcement in the Value Added Tax},
  author={Pomeranz, Dina},
  journal={The American Economic Review},
  volume={105},
  number={8},
  pages={2539--2569},
  year={2015},
  publisher={American Economic Association}
}

@article{Posner-00,
  title={Law and Social Norms: The Case of Tax Compliance},
  author={Posner, Eric A},
  journal={Virginia Law Review},
  pages={1781--1819},
  year={2000},
  publisher={JSTOR}
}


@book{Rawls-71,
  title={A Theory of Justice},
  author={Rawls, John},
  year={1971},
  publisher={Belknap Press of the Harvard University Press},
  address={Cambridge, Massachusetts}
}

@article{Slemrod-07,
  title={Cheating Ourselves: The Economics of Tax Evasion},
  author={Slemrod, Joel},
  journal={The Journal of Economic Perspectives},
  volume={21},
  number={1},
  pages={25--48},
  year={2007},
  publisher={JSTOR}
}

@article{thaler,
  title={Libertarian Paternalism},
  author={Thaler, Richard H and Sunstein, Cass R},
  journal={The American Economic Review},
  volume={93},
  number={2},
  pages={175--179},
  year={2003},
  publisher={JSTOR}
}

@book{torgler,
  title={Tax Compliance and Tax Morale: A Theoretical and Empirical Analysis},
  author={Torgler, Benno},
  year={2007},
  publisher={Edward Elgar Publishing}
}

@article{traxler,
  title={Social Norms and Conditional Cooperative Taxpayers},
  author={Traxler, Christian},
  journal={European Journal of Political Economy},
  volume={26},
  number={1},
  pages={89--103},
  year={2010},
  publisher={Elsevier}
}

@article{Wenzel-Taylor-04,
  title={An experimental evaluation of tax-reporting schedules: a case of evidence-based tax administration},
  author={Wenzel, Michael and Natalie Taylor},
  journal={Journal of Public Economics},
  volume={88},
  number={12},
  pages={2785-99},
  year={2004},
  publisher={Elsevier}
}

@article{Hallsworthb-14,
  title={The use of field experiments to increase tax compliance},
  author={Hallsworth, Michael},
  journal={Oxford Review of Economic Policy},
  volume={30},
  number={4},
  pages={658-679},
  year={2014},
  publisher={Oxford}
}

@article{bhargava-15,
	title = {Psychological Frictions and the Incomplete Take-Up of Social Benefits: Evidence from an {IRS} Field Experiment},
	volume = {105},
	url = {http://www.aeaweb.org/articles.php?doi=10.1257/aer.20121493},
	doi = {10.1257/aer.20121493},
	shorttitle = {Psychological Frictions and the Incomplete Take-Up of Social Benefits},
	abstract = {We address the role of "psychological frictions" in the incomplete take-up of {EITC} benefits with an {IRS} field experiment. We specifically assess the influence of program confusion, informational complexity, and stigma by evaluating response to experimental mailings distributed to 35,050 tax filers who failed to claim \$26 million despite an initial notice. While the mere receipt of the mailing, simplification, and the heightened salience of benefits led to substantial additional claiming, attempts to reduce perceived costs of stigma, application, and audits did not. The study, and accompanying surveys, suggests that low program awareness/understanding and informational complexity contribute to the puzzle of low take-up. ({JEL} C93, D03, H24, M38)},
	pages = {3489--3529},
	number = {11},
	journal = {American Economic Review},
	shortjournal = {American Economic Review},
	author = {Bhargava, Saurabh and Manoli, Dayanand},
	urldate = {2016-02-26},
	year = {2015}
}
